@article{2008PsychiatricDisordersChildren,
  title = {Psychiatric {{Disorders}} in {{Children With Autism Spectrum Disorders}}: {{Prevalence}}, {{Comorbidity}}, and {{Associated Factors}} in a {{Population-Derived Sample}}},
  author = {Simonoff, Emily and Pickles, Andrew and Charman, Tony and Chandler, Susie and Loucas, Tom and Baird, Gillian},
  date = {2008-08},
  journaltitle = {Journal of the American Academy of Child \& Adolescent Psychiatry},
  volume = {47},
  number = {8},
  pages = {921--929},
  url = {https://doi.org/10.1097/CHI.0b013e318179964f},
  urldate = {2024-02-25}
}

@article{2009AnxietyChildrenAdolescents,
  title = {Anxiety in children and adolescents with {{Autism Spectrum Disorders}}},
  author = {MacNeil, Bonnie M. and Lopes, Vicki A. and Minnes, Patricia M.},
  date = {2009-01},
  journaltitle = {Research in Autism Spectrum Disorders},
  volume = {3},
  number = {1},
  pages = {1--21},
  url = {https://doi.org/10.1016/j.rasd.2008.06.001},
  urldate = {2024-02-25}
}

@report{2015DetourRightPlace,
  title = {Detour to the {{Right Place}}: {{A Study}} with {{Recommendations}} for {{Addressing}} the {{Transportation Needs}} and {{Barriers}} of {{Adults}} on the {{Autism Spectrum}} in {{New Jersey}}},
  author = {Deka, Devajyoti and Lubin, Andrea and McGackin, Melanie and Feeley, Cecilia},
  date = {2015-09},
  institution = {{Rutgers}},
  location = {{New Jersey}},
  url = {https://vtc.rutgers.edu/publication/detour-to-the-right-place/}
}

@article{2015ViewpointsAdultsAutism,
  title = {Viewpoints of adults with and without {{Autism Spectrum Disorders}} on public transport},
  author = {Falkmer, Marita and Barnett, Tania and Horlin, Chiara and Falkmer, Olov and Siljehav, Jessica and Fristedt, Sofi and Lee, Hoe C. and Chee, Derserri Y. and Wretstrand, Anders and Falkmer, Torbjörn},
  date = {2015-10},
  journaltitle = {Transportation Research Part A: Policy and Practice},
  volume = {80},
  pages = {163--183},
  url = {https://doi.org/10.1016/j.tra.2015.07.019},
  urldate = {2024-01-18}
}

@inproceedings{2017BuildingSmartAccessible,
  title = {Building {{Smart}} and {{Accessible Transportation Hubs}} with {{Internet}} of {{Things}}, {{Big Data Analytics}}, and {{Affective Computing}}},
  booktitle = {International {{Conference}} on {{Sustainable Infrastructure}} 2017},
  author = {Gong, Jie and Feeley, Cecilia and Tang, Hao and Olmschenk, Greg and Nair, Vishnu and Zhou, Zixiang and Yu, Yi and Yamamoto, Ken and Zhu, Zhigang},
  date = {2017-10},
  pages = {126--138},
  publisher = {{American Society of Civil Engineers}},
  location = {{New York}},
  url = {https://doi.org/10.1061/9780784481219.012},
  urldate = {2024-02-24}
}

@inproceedings{2017BuildingSmartTransportation,
  title = {Building {{Smart Transportation Hubs}} with {{Internet}} of {{Things}} to {{Improve Services}} to {{People}} with {{Disabilities}}},
  booktitle = {Computing in {{Civil Engineering}} 2017},
  author = {Gong, Jie and Feeley, Cecilia and Tang, Hao and Olmschenk, Greg and Nair, Vishnu and Zhou, Zixiang and Yu, Yi and Yamamoto, Ken and Zhu, Zhigang},
  date = {2017-06},
  pages = {458--466},
  publisher = {{American Society of Civil Engineers}},
  location = {{Seattle}},
  url = {https://doi.org/10.1061/9780784480823.055},
  urldate = {2024-01-18}
}

@article{2017PuttingMyBest,
  title = {“{{Putting}} on {{My Best Normal}}”: {{Social Camouflaging}} in {{Adults}} with {{Autism Spectrum Conditions}}},
  author = {Hull, Laura and Petrides, K. V. and Allison, Carrie and Smith, Paula and Baron-Cohen, Simon and Lai, Meng-Chuan and Mandy, William},
  date = {2017-08},
  journaltitle = {Journal of Autism and Developmental Disorders},
  volume = {47},
  number = {8},
  pages = {2519--2534},
  url = {https://doi.org/10.1007/s10803-017-3166-5},
  urldate = {2024-02-25}
}

@article{2017UTravelSmartMobility,
  title = {{{UTravel}}: {{Smart Mobility}} with a {{Novel User Profiling}} and {{Recommendation Approach}}},
  author = {Amoretti, Michele and Belli, Laura and Zanichelli, Francesco},
  date = {2017-07},
  journaltitle = {Pervasive and Mobile Computing},
  volume = {38},
  number = {2},
  pages = {474--489},
  url = {https://doi.org/10.1016/j.pmcj.2016.08.008},
  urldate = {2024-01-18}
}

@article{2018MobilityPoliciesExtraSmall,
  title = {Mobility {{Policies}} and {{Extra-Small Projects}} for {{Improving Mobility}} of {{People}} with {{Autism Spectrum Disorder}}},
  author = {Cecchini, Arnaldo and Congiu, Tanja and Talu, Valentina and Tola, Giulia},
  date = {2018-09},
  journaltitle = {Sustainability},
  volume = {10},
  number = {9},
  pages = {3256},
  url = {https://doi.org/10.3390/su10093256},
  urldate = {2024-01-18}
}

@article{2018WearableAssistiveTechnologies,
  title = {Wearable {{Assistive Technologies}} for {{Autism}}: {{Opportunities}} and {{Challenges}}},
  author = {Benssassi, Esma Mansouri and Gomez, Juan-Carlos and Boyd, LouAnne E. and Hayes, Gillian R. and Ye, Juan},
  date = {2018-06},
  journaltitle = {IEEE Pervasive Computing},
  volume = {17},
  number = {2},
  pages = {11--21},
  url = {https://doi.org/10.1109/MPRV.2018.022511239},
  urldate = {2024-01-18}
}

@article{2020DevelopingCommunityMobility,
  title = {Developing community mobility and driving with youth on the autism spectrum: {{A}} psychosocial perspective},
  author = {Kersten, Michelle L. and Coxon, Kristy and Lee, Hoe and Wilson, Nathan J.},
  date = {2020-08},
  journaltitle = {Scandinavian Journal of Occupational Therapy},
  volume = {28},
  number = {2},
  pages = {91--96},
  url = {https://doi.org/10.1080/11038128.2020.1798506},
  urldate = {2024-01-18}
}

@report{2020ExperiencesYoungAutistic,
  title = {The experiences of young autistic adults in using metropolitan public transport},
  author = {Haas, Kaaren and Wilson, Nathan J and Cordier, Reinie and Vaz, Sharmila and Lee, Hoe Chung-yeung},
  date = {2020-01},
  institution = {{Cooperative Research Centre for Living with Autism}},
  location = {{Brisbane}},
  url = {https://www.autismcrc.com.au/knowledge-centre/reports/experiences-young-autistic-adults-using-metropolitan-public-transport}
}

@article{2021ArtificialIntelligenceInternet,
  title = {Artificial intelligence and internet of things in screening and management of autism spectrum disorder},
  author = {Ghosh, Tapotosh and Banna, Md. Hasan Al and Rahman, Md. Sazzadur and Kaiser, M. Shamim and Mahmud, Mufti and Hosen, A. S. M. Sanwar and Cho, Gi Hwan},
  date = {2021-11},
  journaltitle = {Sustainable Cities and Society},
  volume = {74},
  pages = {103189},
  url = {https://doi.org/10.1016/j.scs.2021.103189},
  urldate = {2024-01-18}
}

@article{2021AutismMedicalComorbidities,
  title = {Autism medical comorbidities},
  author = {Al-Beltagi, Mohammed},
  date = {2021-05},
  journaltitle = {World Journal of Clinical Pediatrics},
  volume = {10},
  number = {3},
  pages = {15--28},
  url = {https://doi.org/10.5409/wjcp.v10.i3.15},
  urldate = {2024-02-25}
}

@inproceedings{2021DesigningSmartVirtual,
  title = {Designing a {{Smart Virtual Environment}} for {{Autism Spectrum Disorder Detection}}},
  booktitle = {2021 {{IEEE SmartWorld}}, {{Ubiquitous Intelligence}} \& {{Computing}}, {{Advanced}} \& {{Trusted Computing}}, {{Scalable Computing}} \& {{Communications}}, {{Internet}} of {{People}} and {{Smart City Innovation}} ({{SmartWorld}}/{{SCALCOM}}/{{UIC}}/{{ATC}}/{{IOP}}/{{SCI}})},
  author = {Mekbib, Estephanos and Huang, Yan and Mei, Chao and Li, Yi Joy},
  date = {2021-10},
  pages = {288--294},
  publisher = {{IEEE}},
  location = {{Atlanta}},
  url = {https://doi.org/10.1109/SWC50871.2021.00047},
  urldate = {2024-01-18}
}

@article{2021EnablingTechnologiesUrban,
  title = {Enabling {{Technologies}} for {{Urban Smart Mobility}}: {{Recent Trends}}, {{Opportunities}} and {{Challenges}}},
  author = {Paiva, Sara and Ahad, Mohd Abdul and Tripathi, Gautami and Feroz, Noushaba and Casalino, Gabriella},
  date = {2021-03},
  journaltitle = {Sensors},
  volume = {21},
  number = {6},
  pages = {2143},
  url = {https://doi.org/10.3390/s21062143},
  urldate = {2024-01-18}
}

@article{2023AccessibilityStrategiesPromote,
  title = {Accessibility strategies to promote inclusive mobility through multi-objective approach},
  author = {Silva, Tânia and Verde, David and Paiva, Sara and Barreto, Luís and Pereira, Ana I.},
  date = {2023-04},
  journaltitle = {SN Applied Sciences},
  volume = {5},
  number = {5},
  pages = {150},
  url = {https://doi.org/10.1007/s42452-023-05349-0},
  urldate = {2024-01-18}
}
